
%Books
@book{sedra_smith_2016, 
    place={New York}, 
    title={Microelectronic circuits}, 
    publisher={Oxford University Press}, 
    author={Sedra, Adel S. and Smith, Kenneth C.}, 
    year={2016}
} 

@book{mano_ciletti_2013, 
    place={Boston}, 
    edition={5th}, 
    title={Digital design: with an introduction to the verilog hdl}, 
    publisher={Pearson Education Limited}, 
    author={Mano, M. Morris and Ciletti, Michael D.}, 
    year={2013}
} 

@book{carusone_johns_martin_johns_2014, 
    place={Hoboken, NJ}, 
    edition={2nd}, 
    title={Analog integrated circuit design}, 
    publisher={John Wiley \& Sons}, 
    author={Carusone, Tony Chan. and Johns, David and Martin, Kenneth W. and Johns, David}, 
    year={2014}
} 

%Webpages
@misc{arar_2017, 
    title={What Is VHDL? Getting Started with Hardware Description Language for Digital Circuit Design - Technical Articles},
    url={https://www.allaboutcircuits.com/technical-articles/hardware-description-langauge-getting-started-vhdl-digital-circuit-design/}, 
    journal={All About Circuits}, 
    author={Arar, Steve}, 
    year={2017}, 
    month={12}
} 

@misc{steve_2019, 
    title={Getting Started with the Verilog Hardware Description Language - Technical Articles}, 
    url={https://www.allaboutcircuits.com/technical-articles/getting-started-with-the-verilog-hardware-description-language/}, 
    journal={All About Circuits}, 
    author={Steve, Arar}, 
    year={2019}, 
    month={01}
} 
    
@misc{digilent, 
    title={Verilog HDL Background and History}, 
    url={https://reference.digilentinc.com/learn/fundamentals/digital-logic/verilog-hdl-background-and-history/start}, 
    journal={Verilog HDL Background and History [Digilent Documentation]}, 
    author={DIGILENT}
}

@misc{elprocus_2020, 
    title={CMOS Technology : Working Principle, Characteristics \& Its Applications}, 
    url={https://www.elprocus.com/cmos-working-principle-and-applications/}, 
    journal={ElProCus}, 
    publisher={eplrocus}, 
    author={elprocus}, 
    year={2020}, 
    month={11}
}

@misc{turchetta_spring_davidson, 
    title={Introduction to CMOS Image Sensors}, 
    url={https://www.olympus-lifescience.com/en/microscope-resource/primer/digitalimaging/cmosimagesensors/}, 
    journal={Digital Imaging in Optical Microscopy - Introduction to CMOS Image Sensors | Olympus Life Science}, 
    publisher={Olympus}, 
    author={Turchetta, Renato and Spring, Kenneth R. and Davidson, Michael W.}
} 

@misc{williams_2020, 
    title={Icarus Verilog}, 
    url={http://iverilog.icarus.com/}, 
    journal={Icarus Verilog}, 
    publisher={Stephen Williams}, 
    author={Williams, Stephen}, 
    year={2020}, 
    month={11}
} 

%Lectures
@misc{nagel, 
    title={Is It Time for SPICE4?}, 
    url={https://web.archive.org/web/20060926034314/http://www.cs.sandia.gov/nacdm/talks/Nagal_Larry_NACDM2004.pdf}, 
    journal={wayback machine}, 
    author={Nagel, Laurence w.}
}